<record><leader>00000cas a2200000 a 4500</leader><controlfield tag="001">2267615</controlfield><controlfield tag="008">760620d18451859dcucn ne      0    0eng  </controlfield><datafield ind1=" " ind2=" " tag="010"><subfield code="a">sn 82016449 </subfield></datafield><datafield ind1=" " ind2=" " tag="040"><subfield code="a">DLC</subfield><subfield code="b">eng</subfield><subfield code="c">PIT</subfield><subfield code="d">DLC</subfield><subfield code="d">NPU</subfield><subfield code="d">NPY</subfield><subfield code="d">NPX</subfield><subfield code="d">NPA</subfield><subfield code="d">NPX</subfield><subfield code="d">NPA</subfield><subfield code="d">DLC</subfield><subfield code="d">NYS</subfield><subfield code="d">KNP</subfield><subfield code="d">NPH</subfield><subfield code="d">NLG</subfield><subfield code="d">MFN</subfield><subfield code="d">KNP</subfield><subfield code="d">MGN</subfield><subfield code="d">NVK</subfield><subfield code="d">DLC</subfield><subfield code="d">NVF</subfield><subfield code="d">DCN</subfield><subfield code="d">CVF</subfield><subfield code="d">OCL</subfield><subfield code="d">OCLCG</subfield><subfield code="d">KRTAS</subfield><subfield code="d">OCLCQ</subfield><subfield code="d">OCLCF</subfield><subfield code="d">OCLCO</subfield><subfield code="d">CUS</subfield><subfield code="d">DLC</subfield></datafield><datafield ind1=" " ind2=" " tag="042"><subfield code="a">pcc</subfield></datafield><datafield ind1=" " ind2=" " tag="043"><subfield code="a">n-us-dc</subfield></datafield><datafield ind1=" " ind2="4" tag="050"><subfield code="a">AN</subfield></datafield><datafield ind1="0" ind2=" " tag="130"><subfield code="a">Semi-weekly union (Washington, D.C.)</subfield></datafield><datafield ind1="1" ind2="4" tag="245"><subfield code="a">The semi-weekly union.</subfield></datafield><datafield ind1="3" ind2="0" tag="246"><subfield code="a">Semiweekly union</subfield></datafield><datafield ind1="1" ind2=" " tag="246"><subfield code="i">During sessions of Congress, published as:</subfield><subfield code="a">Union</subfield></datafield><datafield ind1="1" ind2="7" tag="246"><subfield code="a">Tri-weekly union</subfield><subfield code="f">Jan. 5-Aug. 8, 1846, Jan. 5-Feb. 2, 1858</subfield></datafield><datafield ind1="1" ind2="7" tag="246"><subfield code="a">Washington union</subfield><subfield code="f">Feb. 3, 1858-Apr. 14, 1858</subfield></datafield><datafield ind1=" " ind2=" " tag="260"><subfield code="a">Washington City [D.C.] :</subfield><subfield code="b">T. Ritchie &amp; J.P. Heiss,</subfield><subfield code="c">1845-</subfield></datafield><datafield ind1=" " ind2=" " tag="300"><subfield code="a">volumes</subfield></datafield><datafield ind1=" " ind2=" " tag="310"><subfield code="a">Semiweekly (triweekly during sessions of Congress)</subfield></datafield><datafield ind1=" " ind2=" " tag="336"><subfield code="a">text</subfield><subfield code="b">txt</subfield><subfield code="2">rdacontent</subfield></datafield><datafield ind1=" " ind2=" " tag="337"><subfield code="a">unmediated</subfield><subfield code="b">n</subfield><subfield code="2">rdamedia</subfield></datafield><datafield ind1=" " ind2=" " tag="338"><subfield code="a">volume</subfield><subfield code="b">nc</subfield><subfield code="2">rdacarrier</subfield></datafield><datafield ind1="0" ind2=" " tag="362"><subfield code="a">Vol. 1, no. 1 (May 5, 1845)-v. 6, no. 141 (Apr. 15, 1851) ; vol. 1, no. 1 (Apr. 22, 1851)-v. 6, no. 13 (Apr. 15, 1857) ; vol. 13, no. 1 (Apr. 18, 1857)-</subfield></datafield><datafield ind1="1" ind2=" " tag="362"><subfield code="a">Ceased in Apr. 1859.</subfield></datafield><datafield ind1=" " ind2=" " tag="500"><subfield code="a">Continuous pagination.</subfield></datafield><datafield ind1=" " ind2=" " tag="500"><subfield code="a">Publisher varies: Thomas Ritchie, Nov. 3, 1848-June 1, 1849 ; Thomas Ritchie &amp; Edmund Burke, June 5, 1849-&lt;1850&gt; ; Robert Armstrong, &lt;1852&gt; ; A.O.P Nicholson &amp; J.W. Forney, &lt;1856-1857&gt; ; William A. Harris, &lt;1857&gt;.</subfield></datafield><datafield ind1=" " ind2=" " tag="515"><subfield code="a">Issues for Apr. 22, 1851-Apr. 15, 1857 called v. 1, no. 1-v. 6, no. 13, but resumed old ser. with v. 13, no. 1 (Apr. 18, 1857).</subfield></datafield><datafield ind1=" " ind2=" " tag="580"><subfield code="a">Daily eds.: Daily union (Washington, D.C.), 1845-1857, and: Washington union (Washington, D.C. : 1857 : Daily), 1857-1859.</subfield></datafield><datafield ind1=" " ind2="0" tag="651"><subfield code="a">Washington (D.C.)</subfield><subfield code="v">Newspapers.</subfield></datafield><datafield ind1=" " ind2="7" tag="651"><subfield code="a">Washington (D.C.)</subfield><subfield code="2">fast</subfield><subfield code="0">(OCoLC)fst01204505</subfield></datafield><datafield ind1=" " ind2="7" tag="655"><subfield code="a">Newspapers.</subfield><subfield code="2">fast</subfield><subfield code="0">(OCoLC)fst01423814</subfield></datafield><datafield ind1="1" ind2=" " tag="700"><subfield code="a">Ritchie, Thomas,</subfield><subfield code="d">1778-1854.</subfield></datafield><datafield ind1=" " ind2=" " tag="752"><subfield code="a">United States</subfield><subfield code="b">District of Columbia</subfield><subfield code="d">Washington.</subfield></datafield><datafield ind1="1" ind2=" " tag="775"><subfield code="t">Daily union (Washington, D.C.)</subfield><subfield code="x">2381-0378</subfield><subfield code="w">(DLC)sn 82003410</subfield><subfield code="w">(OCoLC)8770145</subfield></datafield><datafield ind1="1" ind2=" " tag="775"><subfield code="t">Washington union (Washington, D.C. : 1857 : Daily)</subfield><subfield code="w">(DLC)sn 82006534</subfield><subfield code="w">(OCoLC)8776746</subfield></datafield><datafield ind1="0" ind2=" " tag="775"><subfield code="t">Weekly union (Washington, D.C.)</subfield><subfield code="w">(DLC)sn 84026750</subfield><subfield code="w">(OCoLC)10641912</subfield></datafield><datafield ind1="0" ind2="0" tag="780"><subfield code="t">Globe (Washington, D.C. : Semiweekly)</subfield><subfield code="w">(DLC)sn 82014042</subfield><subfield code="w">(OCoLC)8786335</subfield></datafield><datafield ind1="0" ind2="0" tag="785"><subfield code="t">Semi-weekly constitution</subfield><subfield code="w">(DLC)sn 86053112</subfield><subfield code="w">(OCoLC)13182468</subfield></datafield><datafield ind1=" " ind2=" " tag="938"><subfield code="a">Kirtas Technologies, Inc.</subfield><subfield code="b">KRTS</subfield><subfield code="n">735721</subfield></datafield><datafield ind1="1" ind2=" " tag="029"><subfield code="a">AU@</subfield><subfield code="b">000025784278</subfield></datafield></record>